%see capservector style for how to add bib files