@article{shannon1948communication,
  author = {Claude E. Shannon},
  title = {A Mathematical Theory of Communication},
  journal = {Bell System Technical Journal},
  year = 1948,
  volume = {27},
  number = {3},
  pages = {379-423},
}

@book{caughey2020target,
  title={Target Estimation and Adjustment Weighting for Survey Nonresponse and Sampling Bias},
  author={Caughey, Devin and Berinsky, Adam J and Chatfield, Sara and Hartman, Erin and Schickler, Eric and Sekhon, Jasjeet S},
  year={2020},
  publisher={Cambridge University Press}
}

@article{hartman2021kpop,
  title={Kpop: A kernel balancing approach for reducing specification assumptions in survey weighting},
  author={Hartman, Erin and Hazlett, Chad and Sterbenz, Ciara},
  journal={arXiv preprint arXiv:2107.08075},
  year={2021}
}

